This file was created with JabRef 2.0.1.
Encoding: Cp1252

@MANUAL{g.data,
  title = {g.data: Delayed-Data Packages},
  author = {David Brahm},
  year = {2005},
  note = {{R} package version 1.6},
}

@MANUAL{reposTools,
  title = {reposTools: Repository tools for R},
  author = {Jeff Gentry and R. Gentleman},
  year = {2004},
  note = {{R} package version 1.5.2},
}

@MANUAL{DBI,
  title = {DBI: R Database Interface},
  author = {{R Special Interest Group on Databases (R-SIG-DB)}},
  year = {2006},
  note = {{R} package version 0.1-10},
  url = {http://stat.bell-labs.com/RS-DBI http://developer.r-project.org/db},
}

@MANUAL{maDB,
  title = {maDB: Microarray database and utility functions for microarray data
	analysis},
  author = {Johannes Rainer},
  year = {2005},
}

